@article{bib:anitescu2006,
  title={Optimization-based simulation of nonsmooth rigid multibody dynamics},
  author={Anitescu, Mihai},
  journal={Mathematical Programming},
  volume={105},
  number={1},
  pages={113--143},
  year={2006},
  publisher={Springer}
}

@article{bib:yang2005,
  title={Two dimensional mortar contact methods for large deformation frictional sliding},
  author={Yang, Bin and Laursen, Tod A and Meng, Xiaonong},
  journal={International journal for numerical methods in engineering},
  volume={62},
  number={9},
  pages={1183--1225},
  year={2005},
  publisher={Wiley Online Library}
}

@article{bib:fischer2006,
  title={Mortar based frictional contact formulation for higher order interpolations using the moving friction cone},
  author={Fischer, Kathrin A and Wriggers, Peter},
  journal={Computer methods in applied mechanics and engineering},
  volume={195},
  number={37-40},
  pages={5020--5036},
  year={2006},
  publisher={Elsevier}
}

@article{bib:popp2010,
  title={A dual mortar approach for 3D finite deformation contact with consistent linearization},
  author={Popp, Alexander and Gitterle, Markus and Gee, Michael W and Wall, Wolfgang A},
  journal={International Journal for Numerical Methods in Engineering},
  volume={83},
  number={11},
  pages={1428--1465},
  year={2010},
  publisher={Wiley Online Library}
}

@article{bib:delorenzis2014,
  title={Isogeometric contact: a review},
  author={De Lorenzis, Laura and Wriggers, Peter and Hughes, Thomas JR},
  journal={GAMM-Mitteilungen},
  volume={37},
  number={1},
  pages={85--123},
  year={2014},
  publisher={Wiley Online Library}
}

@article{bib:castro2011,
  title={Full scale self-propulsion computations using discretized propeller for the KRISO container ship KCS},
  author={Castro, Alejandro M and Carrica, Pablo M and Stern, Frederick},
  journal={Computers \& fluids},
  volume={51},
  number={1},
  pages={35--47},
  year={2011},
  publisher={Elsevier}
}

@article{bib:castro2020,
  title={A Transition-Aware Method for the Simulation of Compliant Contact with Regularized Friction},
  author={Castro, Alejandro M and Qu, Ante and Kuppuswamy, Naveen and Alspach, Alex and Sherman, Michael},
  journal={IEEE Robotics and Automation Letters},
  volume={5},
  number={2},
  pages={1859--1866},
  year={2020},
  publisher={IEEE}
}

@techreport{bib:eberly2014,
  title={Intersection of a Line and a Cone},
  author={Eberly, David},
  year={2014},  
  institution={Geometric Tools}
}

@article{bib:elandt2019,
  title={A pressure field model for fast, robust approximation of net contact force and moment between nominally rigid objects},
  author={Elandt, Ryan and Drumwright, Evan and Sherman, Michael and Ruina, Andy},
  journal={arXiv preprint arXiv:1904.11433},
  year={2019}
}

@inproceedings{bib:todorov2014,
  title={Convex and analytically-invertible dynamics with contacts and constraints: Theory and implementation in MuJoCo},
  author={Todorov, Emanuel},
  booktitle={2014 IEEE International Conference on Robotics and Automation (ICRA)},
  pages={6054--6061},
  year={2014},
  organization={IEEE}
}

@inproceedings{bib:todorov2011,
  title={A convex, smooth and invertible contact model for trajectory optimization},
  author={Todorov, Emanuel},
  booktitle={2011 IEEE International Conference on Robotics and Automation},
  pages={1071--1076},
  year={2011},
  organization={IEEE}
}

@article{bib:tasora2011,
  title={A matrix-free cone complementarity approach for solving large-scale, nonsmooth, rigid body dynamics},
  author={Tasora, Alessandro and Anitescu, Mihai},
  journal={Computer Methods in Applied Mechanics and Engineering},
  volume={200},
  number={5-8},
  pages={439--453},
  year={2011},
  publisher={Elsevier}
}

@techreport{bib:mazhar2014,
  title={An analysis of several methods for handling hard-sphere frictional contact in rigid multibody dynamics},
  author={Mazhar, Hammad and Melanz, Daniel and Ferris, M and Negrut, Dan},
  year={2014},
  institution={Citeseer}
}

@article{bib:mazhar2015,
  title={Using Nesterov's method to accelerate multibody dynamics with friction and contact},
  author={Mazhar, Hammad and Heyn, Toby and Negrut, Dan and Tasora, Alessandro},
  journal={ACM Transactions on Graphics (TOG)},
  volume={34},
  number={3},
  pages={1--14},
  year={2015},
  publisher={ACM New York, NY, USA}
}

@article{bib:anitescu2010,
  title={An iterative approach for cone complementarity problems for nonsmooth dynamics},
  author={Anitescu, Mihai and Tasora, Alessandro},
  journal={Computational Optimization and Applications},
  volume={47},
  number={2},
  pages={207--235},
  year={2010},
  publisher={Springer}
}

%%%%%%%%%%%%%%%%%%%%%%%%%%%%%%%%%%%%%%%%%%%%%%%%%%%%%%%%%%%%%%%%%%%%%%%%%%%%%%%%
%%%%%%%%%%%%%%%%%%%%%%%%%%%%%%%%%%%%%%%%%%%%%%%%%%%%%%%%%%%%%%%%%%%%%%%%%%%%%%%%
%%%%%%%%%%%%%%%%%%%%%%%%%%%%%%%%%%%%%%%%%%%%%%%%%%%%%%%%%%%%%%%%%%%%%%%%%%%%%%%%


@article{greenwade93,
    author  = "George D. Greenwade",
    title   = "The {C}omprehensive {T}ex {A}rchive {N}etwork ({CTAN})",
    year    = "1993",
    journal = "TUGBoat",
    volume  = "14",
    number  = "3",
    pages   = "342--351"
}

@article{bib:fedkiw2002,	
  title={Level set methods and dynamic implicit surfaces},
  author={Fedkiw, Stanley Osher Ronald and Osher, Stanley},
  journal={Surfaces},
  volume={44},
  pages={77},
  year={2002}
}

@book{bib:johnson1987_contact_mechanics,
  title={Contact mechanics},
  author={Johnson, Kenneth Langstreth and Johnson, Kenneth Langstreth},
  year={1987},
  publisher={Cambridge university press}
}

@book{bib:jain2010_robot_multibody_dynamics,
  title={Robot and multibody dynamics: analysis and algorithms},
  author={Jain, Abhinandan},
  year={2010},
  publisher={Springer Science \& Business Media}
}

@book{bib:featherstone2008_rigid_body_dynamics_algorithms,
  title={Rigid body dynamics algorithms},
  author={Featherstone, Roy},
  year={2008},
  publisher={Springer}
}

@inproceedings{bib:duriez2004signorini,
	title={Signorini's contact model for deformable objects in haptic 
	simulations},
	author={Duriez, Christian and Andriot, Claude and Kheddar, Abderrahmane},
	booktitle={Intelligent Robots and Systems, 2004.(IROS 2004). Proceedings. 
	2004 IEEE/RSJ International Conference on},
	volume={4},
	pages={3232--3237},
	year={2004},
	organization={IEEE}
}

@phdthesis{bib:duriez2013thesis,
  title={Real-time haptic simulation of medical procedures involving deformations and device-tissue interactions},
  author={Duriez, Christian},
  year={2013}
}

@article{bib:duriez2006_realistic_haptic_rendering,
	title={Realistic haptic rendering of interacting deformable objects in 
	virtual environments},
	author={Duriez, Christian and Dubois, Frederic and Kheddar, Abderrahmane 
	and Andriot, Claude},
	journal={IEEE transactions on visualization and computer graphics},
	volume={12},
	number={1},
	pages={36--47},
	year={2006},
	publisher={IEEE}
}